[gd_scene load_steps=9 format=3 uid="uid://j2kc0pmhwfao"]

[ext_resource type="FontFile" uid="uid://bqhcvi1h2dqpo" path="res://assets/fonts/ProtestStrike-Regular.ttf" id="1_3g4j3"]
[ext_resource type="Texture2D" uid="uid://d000eiihvyi5k" path="res://assets/kenney_fantasy-ui-borders/PNG/Double/Panel/panel-009.png" id="1_jb0xh"]
[ext_resource type="Script" path="res://UI/game_over.gd" id="1_mppva"]
[ext_resource type="Texture2D" uid="uid://bif4wam6nvnlo" path="res://assets/objects/mozarella.png" id="3_fpgee"]
[ext_resource type="Texture2D" uid="uid://bl725ktqwm40s" path="res://assets/objects/swiss.png" id="4_51hud"]
[ext_resource type="Texture2D" uid="uid://cgy72qwy8dwd7" path="res://assets/objects/nacho.png" id="5_or5nh"]
[ext_resource type="Texture2D" uid="uid://dmrxi41pfxvod" path="res://assets/objects/american.png" id="6_pokpp"]
[ext_resource type="Texture2D" uid="uid://c0fnt4xs1q5ew" path="res://assets/objects/pizza.png" id="7_u73sw"]

[node name="GameOver" type="CanvasLayer"]
script = ExtResource("1_mppva")

[node name="Panel" type="Panel" parent="."]
modulate = Color(0.682353, 1, 0.662745, 0.490196)
anchors_preset = 15
anchor_right = 1.0
anchor_bottom = 1.0
grow_horizontal = 2
grow_vertical = 2

[node name="MarginContainer" type="MarginContainer" parent="."]
anchors_preset = 15
anchor_right = 1.0
anchor_bottom = 1.0
grow_horizontal = 2
grow_vertical = 2
theme_override_constants/margin_left = 20
theme_override_constants/margin_top = 20
theme_override_constants/margin_right = 20
theme_override_constants/margin_bottom = 20

[node name="VBoxContainer" type="VBoxContainer" parent="MarginContainer"]
layout_mode = 2

[node name="MarginContainer" type="MarginContainer" parent="MarginContainer/VBoxContainer"]
layout_mode = 2
theme_override_constants/margin_top = 10
theme_override_constants/margin_bottom = 40

[node name="NinePatchRect" type="NinePatchRect" parent="MarginContainer/VBoxContainer/MarginContainer"]
modulate = Color(0.196078, 0.282353, 0.164706, 0.627451)
custom_minimum_size = Vector2(400, 100)
layout_mode = 2
size_flags_horizontal = 4
size_flags_vertical = 4
texture = ExtResource("1_jb0xh")
region_rect = Rect2(0, 0, 96, 96)
patch_margin_left = 20
patch_margin_top = 20
patch_margin_right = 20
patch_margin_bottom = 20

[node name="Label" type="Label" parent="MarginContainer/VBoxContainer/MarginContainer"]
layout_mode = 2
theme_override_colors/font_color = Color(0.956863, 1, 0.278431, 1)
theme_override_colors/font_shadow_color = Color(0.14902, 0.192157, 0.133333, 1)
theme_override_fonts/font = ExtResource("1_3g4j3")
theme_override_font_sizes/font_size = 64
text = "Game Over"
horizontal_alignment = 1

[node name="HBoxContainer" type="HBoxContainer" parent="MarginContainer/VBoxContainer"]
layout_mode = 2

[node name="MarginContainer" type="MarginContainer" parent="MarginContainer/VBoxContainer/HBoxContainer"]
layout_mode = 2

[node name="NinePatchRect2" type="NinePatchRect" parent="MarginContainer/VBoxContainer/HBoxContainer/MarginContainer"]
modulate = Color(0.196078, 0.282353, 0.164706, 0.627451)
custom_minimum_size = Vector2(300, 300)
layout_mode = 2
size_flags_horizontal = 4
size_flags_vertical = 4
texture = ExtResource("1_jb0xh")
region_rect = Rect2(0, 0, 96, 96)
patch_margin_left = 20
patch_margin_top = 20
patch_margin_right = 20
patch_margin_bottom = 20

[node name="MarginContainer" type="MarginContainer" parent="MarginContainer/VBoxContainer/HBoxContainer/MarginContainer"]
layout_mode = 2
theme_override_constants/margin_top = 20
theme_override_constants/margin_bottom = 20

[node name="HBoxContainer" type="HBoxContainer" parent="MarginContainer/VBoxContainer/HBoxContainer/MarginContainer/MarginContainer"]
layout_mode = 2
alignment = 1

[node name="VBoxContainer" type="VBoxContainer" parent="MarginContainer/VBoxContainer/HBoxContainer/MarginContainer/MarginContainer/HBoxContainer"]
layout_mode = 2
theme_override_constants/separation = 20
alignment = 1

[node name="MarginContainer3" type="MarginContainer" parent="MarginContainer/VBoxContainer/HBoxContainer/MarginContainer/MarginContainer/HBoxContainer/VBoxContainer"]
layout_mode = 2
theme_override_constants/margin_left = 80
theme_override_constants/margin_top = 0
theme_override_constants/margin_right = 20
theme_override_constants/margin_bottom = 0

[node name="Label" type="Label" parent="MarginContainer/VBoxContainer/HBoxContainer/MarginContainer/MarginContainer/HBoxContainer/VBoxContainer/MarginContainer3"]
layout_mode = 2
theme_override_colors/font_color = Color(0.956863, 1, 0.278431, 1)
theme_override_colors/font_shadow_color = Color(0.14902, 0.192157, 0.133333, 1)
theme_override_fonts/font = ExtResource("1_3g4j3")
theme_override_font_sizes/font_size = 32
text = "Kills"
horizontal_alignment = 2

[node name="MarginContainer" type="MarginContainer" parent="MarginContainer/VBoxContainer/HBoxContainer/MarginContainer/MarginContainer/HBoxContainer/VBoxContainer"]
layout_mode = 2
theme_override_constants/margin_left = 80
theme_override_constants/margin_top = 0
theme_override_constants/margin_right = 20
theme_override_constants/margin_bottom = 0

[node name="Label" type="Label" parent="MarginContainer/VBoxContainer/HBoxContainer/MarginContainer/MarginContainer/HBoxContainer/VBoxContainer/MarginContainer"]
layout_mode = 2
theme_override_colors/font_color = Color(0.956863, 1, 0.278431, 1)
theme_override_colors/font_shadow_color = Color(0.14902, 0.192157, 0.133333, 1)
theme_override_fonts/font = ExtResource("1_3g4j3")
theme_override_font_sizes/font_size = 32
text = "Shots"
horizontal_alignment = 2

[node name="MarginContainer2" type="MarginContainer" parent="MarginContainer/VBoxContainer/HBoxContainer/MarginContainer/MarginContainer/HBoxContainer/VBoxContainer"]
layout_mode = 2
theme_override_constants/margin_left = 80
theme_override_constants/margin_top = 0
theme_override_constants/margin_right = 20
theme_override_constants/margin_bottom = 0

[node name="Label" type="Label" parent="MarginContainer/VBoxContainer/HBoxContainer/MarginContainer/MarginContainer/HBoxContainer/VBoxContainer/MarginContainer2"]
layout_mode = 2
theme_override_colors/font_color = Color(0.956863, 1, 0.278431, 1)
theme_override_colors/font_shadow_color = Color(0.14902, 0.192157, 0.133333, 1)
theme_override_fonts/font = ExtResource("1_3g4j3")
theme_override_font_sizes/font_size = 32
text = "Hits"
horizontal_alignment = 2

[node name="MarginContainer5" type="MarginContainer" parent="MarginContainer/VBoxContainer/HBoxContainer/MarginContainer/MarginContainer/HBoxContainer/VBoxContainer"]
layout_mode = 2
theme_override_constants/margin_left = 80
theme_override_constants/margin_top = 0
theme_override_constants/margin_right = 20
theme_override_constants/margin_bottom = 0

[node name="Label" type="Label" parent="MarginContainer/VBoxContainer/HBoxContainer/MarginContainer/MarginContainer/HBoxContainer/VBoxContainer/MarginContainer5"]
layout_mode = 2
theme_override_colors/font_color = Color(0.956863, 1, 0.278431, 1)
theme_override_colors/font_shadow_color = Color(0.14902, 0.192157, 0.133333, 1)
theme_override_fonts/font = ExtResource("1_3g4j3")
theme_override_font_sizes/font_size = 32
text = "Accuracy"
horizontal_alignment = 2

[node name="VBoxContainer2" type="VBoxContainer" parent="MarginContainer/VBoxContainer/HBoxContainer/MarginContainer/MarginContainer/HBoxContainer"]
layout_mode = 2
theme_override_constants/separation = 20
alignment = 1

[node name="MarginContainer4" type="MarginContainer" parent="MarginContainer/VBoxContainer/HBoxContainer/MarginContainer/MarginContainer/HBoxContainer/VBoxContainer2"]
layout_mode = 2
theme_override_constants/margin_left = 20
theme_override_constants/margin_top = 0
theme_override_constants/margin_right = 80
theme_override_constants/margin_bottom = 0

[node name="Kills" type="Label" parent="MarginContainer/VBoxContainer/HBoxContainer/MarginContainer/MarginContainer/HBoxContainer/VBoxContainer2/MarginContainer4"]
layout_mode = 2
theme_override_colors/font_color = Color(1, 1, 1, 1)
theme_override_colors/font_shadow_color = Color(0.14902, 0.192157, 0.133333, 1)
theme_override_fonts/font = ExtResource("1_3g4j3")
theme_override_font_sizes/font_size = 32
text = "120"

[node name="MarginContainer2" type="MarginContainer" parent="MarginContainer/VBoxContainer/HBoxContainer/MarginContainer/MarginContainer/HBoxContainer/VBoxContainer2"]
layout_mode = 2
theme_override_constants/margin_left = 20
theme_override_constants/margin_top = 0
theme_override_constants/margin_right = 80
theme_override_constants/margin_bottom = 0

[node name="Shots" type="Label" parent="MarginContainer/VBoxContainer/HBoxContainer/MarginContainer/MarginContainer/HBoxContainer/VBoxContainer2/MarginContainer2"]
layout_mode = 2
theme_override_colors/font_color = Color(1, 1, 1, 1)
theme_override_colors/font_shadow_color = Color(0.14902, 0.192157, 0.133333, 1)
theme_override_fonts/font = ExtResource("1_3g4j3")
theme_override_font_sizes/font_size = 32
text = "120"

[node name="MarginContainer3" type="MarginContainer" parent="MarginContainer/VBoxContainer/HBoxContainer/MarginContainer/MarginContainer/HBoxContainer/VBoxContainer2"]
layout_mode = 2
theme_override_constants/margin_left = 20
theme_override_constants/margin_top = 0
theme_override_constants/margin_right = 80
theme_override_constants/margin_bottom = 0

[node name="Hits" type="Label" parent="MarginContainer/VBoxContainer/HBoxContainer/MarginContainer/MarginContainer/HBoxContainer/VBoxContainer2/MarginContainer3"]
layout_mode = 2
theme_override_colors/font_color = Color(1, 1, 1, 1)
theme_override_colors/font_shadow_color = Color(0.14902, 0.192157, 0.133333, 1)
theme_override_fonts/font = ExtResource("1_3g4j3")
theme_override_font_sizes/font_size = 32
text = "35"

[node name="MarginContainer6" type="MarginContainer" parent="MarginContainer/VBoxContainer/HBoxContainer/MarginContainer/MarginContainer/HBoxContainer/VBoxContainer2"]
layout_mode = 2
theme_override_constants/margin_left = 20
theme_override_constants/margin_top = 0
theme_override_constants/margin_right = 80
theme_override_constants/margin_bottom = 0

[node name="Accuracy" type="Label" parent="MarginContainer/VBoxContainer/HBoxContainer/MarginContainer/MarginContainer/HBoxContainer/VBoxContainer2/MarginContainer6"]
layout_mode = 2
theme_override_colors/font_color = Color(1, 1, 1, 1)
theme_override_colors/font_shadow_color = Color(0.14902, 0.192157, 0.133333, 1)
theme_override_fonts/font = ExtResource("1_3g4j3")
theme_override_font_sizes/font_size = 32
text = "46%"

[node name="Control" type="Control" parent="MarginContainer/VBoxContainer/HBoxContainer"]
layout_mode = 2
size_flags_horizontal = 3

[node name="MarginContainer2" type="MarginContainer" parent="MarginContainer/VBoxContainer/HBoxContainer"]
layout_mode = 2

[node name="NinePatchRect2" type="NinePatchRect" parent="MarginContainer/VBoxContainer/HBoxContainer/MarginContainer2"]
modulate = Color(0.196078, 0.282353, 0.164706, 0.627451)
custom_minimum_size = Vector2(300, 300)
layout_mode = 2
size_flags_horizontal = 4
size_flags_vertical = 4
texture = ExtResource("1_jb0xh")
region_rect = Rect2(0, 0, 96, 96)
patch_margin_left = 20
patch_margin_top = 20
patch_margin_right = 20
patch_margin_bottom = 20

[node name="MarginContainer" type="MarginContainer" parent="MarginContainer/VBoxContainer/HBoxContainer/MarginContainer2"]
layout_mode = 2
theme_override_constants/margin_left = 15
theme_override_constants/margin_top = 10
theme_override_constants/margin_right = 15
theme_override_constants/margin_bottom = 10

[node name="VBoxContainer" type="VBoxContainer" parent="MarginContainer/VBoxContainer/HBoxContainer/MarginContainer2/MarginContainer"]
layout_mode = 2
theme_override_constants/separation = 5
alignment = 1

[node name="Label" type="Label" parent="MarginContainer/VBoxContainer/HBoxContainer/MarginContainer2/MarginContainer/VBoxContainer"]
layout_mode = 2
theme_override_colors/font_color = Color(0.956863, 1, 0.278431, 1)
theme_override_colors/font_shadow_color = Color(0.14902, 0.192157, 0.133333, 1)
theme_override_fonts/font = ExtResource("1_3g4j3")
theme_override_font_sizes/font_size = 32
text = "Ammo Found"
horizontal_alignment = 1

[node name="HBoxContainer2" type="HBoxContainer" parent="MarginContainer/VBoxContainer/HBoxContainer/MarginContainer2/MarginContainer/VBoxContainer"]
layout_mode = 2
theme_override_constants/separation = 5
alignment = 1

[node name="Mozarella" type="TextureRect" parent="MarginContainer/VBoxContainer/HBoxContainer/MarginContainer2/MarginContainer/VBoxContainer/HBoxContainer2"]
layout_mode = 2
size_flags_horizontal = 3
texture = ExtResource("3_fpgee")
expand_mode = 4

[node name="Swiss" type="TextureRect" parent="MarginContainer/VBoxContainer/HBoxContainer/MarginContainer2/MarginContainer/VBoxContainer/HBoxContainer2"]
modulate = Color(0, 0, 0, 1)
layout_mode = 2
size_flags_horizontal = 3
texture = ExtResource("4_51hud")
expand_mode = 4

[node name="Nacho" type="TextureRect" parent="MarginContainer/VBoxContainer/HBoxContainer/MarginContainer2/MarginContainer/VBoxContainer/HBoxContainer2"]
modulate = Color(0, 0, 0, 1)
layout_mode = 2
size_flags_horizontal = 3
texture = ExtResource("5_or5nh")
expand_mode = 4

[node name="HBoxContainer3" type="HBoxContainer" parent="MarginContainer/VBoxContainer/HBoxContainer/MarginContainer2/MarginContainer/VBoxContainer"]
layout_mode = 2
theme_override_constants/separation = 5
alignment = 1

[node name="American" type="TextureRect" parent="MarginContainer/VBoxContainer/HBoxContainer/MarginContainer2/MarginContainer/VBoxContainer/HBoxContainer3"]
modulate = Color(0, 0, 0, 1)
layout_mode = 2
size_flags_horizontal = 3
texture = ExtResource("6_pokpp")
expand_mode = 4

[node name="Pizza" type="TextureRect" parent="MarginContainer/VBoxContainer/HBoxContainer/MarginContainer2/MarginContainer/VBoxContainer/HBoxContainer3"]
modulate = Color(0, 0, 0, 1)
layout_mode = 2
size_flags_horizontal = 3
texture = ExtResource("7_u73sw")
expand_mode = 4

[node name="Dummy" type="TextureRect" parent="MarginContainer/VBoxContainer/HBoxContainer/MarginContainer2/MarginContainer/VBoxContainer/HBoxContainer3"]
modulate = Color(1, 1, 1, 0)
layout_mode = 2
size_flags_horizontal = 3
texture = ExtResource("3_fpgee")
expand_mode = 4

[node name="Control" type="Control" parent="MarginContainer/VBoxContainer"]
layout_mode = 2
size_flags_vertical = 3

[node name="MarginContainer2" type="MarginContainer" parent="MarginContainer/VBoxContainer"]
layout_mode = 2
size_flags_horizontal = 4
theme_override_constants/margin_top = 10
theme_override_constants/margin_bottom = 40

[node name="NinePatchRect" type="NinePatchRect" parent="MarginContainer/VBoxContainer/MarginContainer2"]
modulate = Color(0.196078, 0.282353, 0.164706, 0.627451)
custom_minimum_size = Vector2(400, 100)
layout_mode = 2
size_flags_horizontal = 4
size_flags_vertical = 4
texture = ExtResource("1_jb0xh")
region_rect = Rect2(0, 0, 96, 96)
patch_margin_left = 20
patch_margin_top = 20
patch_margin_right = 20
patch_margin_bottom = 20

[node name="NewGameButton" type="Button" parent="MarginContainer/VBoxContainer/MarginContainer2"]
layout_mode = 2
theme_override_colors/font_color = Color(0.956863, 1, 0.278431, 1)
theme_override_colors/font_pressed_color = Color(0.956863, 1, 0.278431, 1)
theme_override_colors/font_hover_color = Color(0.956863, 1, 0.278431, 1)
theme_override_colors/font_focus_color = Color(0.956863, 1, 0.278431, 1)
theme_override_fonts/font = ExtResource("1_3g4j3")
theme_override_font_sizes/font_size = 48
text = "New Game"
flat = true

[connection signal="pressed" from="MarginContainer/VBoxContainer/MarginContainer2/NewGameButton" to="." method="_on_new_game_button_pressed"]
